<?xml version="1.0" encoding="UTF-8"?><collection xmlns="http://www.loc.gov/MARC21/slim"><record><leader>00572nam--2200181-i-4500</leader><controlfield tag="001">000006722</controlfield><controlfield tag="002">20161230</controlfield><controlfield tag="005">20161230201026</controlfield><controlfield tag="008">060222s1000------------r-----000-0-fre-d</controlfield><datafield ind1=" " ind2=" " tag="040"><subfield code="a">IFIN-HH</subfield></datafield><datafield ind1=" " ind2=" " tag="041"><subfield code="a">fre</subfield></datafield><datafield ind1=" " ind2=" " tag="080"><subfield code="a">539.1.074.3</subfield></datafield><datafield ind1="1" ind2=" " tag="100"><subfield code="a">Chery, Roland</subfield></datafield><datafield ind1="1" ind2="0" tag="245"><subfield code="a">Etudes de spectrometrie nucleaire par la technique des compteurs a scintillations: recherches sur la strucutre nulceaire du samarium 151</subfield><subfield code="b">These</subfield><subfield code="c">Roland chery</subfield></datafield><datafield ind1=" " ind2=" " tag="260"><subfield code="a">Lyon</subfield><subfield code="b">Universite De Lyon</subfield><subfield code="c">1961</subfield></datafield><datafield ind1=" " ind2=" " tag="300"><subfield code="a">124P</subfield></datafield><datafield ind1=" " ind2=" " tag="852"><subfield code="a">19124</subfield><subfield code="c">539.1.07:539.1.08</subfield></datafield><datafield ind1=" " ind2=" " tag="CAT"><subfield code="a">Sys</subfield><subfield code="c">20111018</subfield><subfield code="h">153358</subfield></datafield></record></collection>